@article{efron1975stein_est,
  title={Data analysis using {S}tein's estimator and its generalizations},
  author={Efron, Bradley and Morris, Carl},
  journal={Journal of the American Statistical Association},
  volume={70},
  number={350},
  pages={311--319},
  year={1975},
  publisher={Taylor \& Francis}
}

@article{gelman2008default_prior,
	title = {A weakly informative default prior distribution for logistic and other regression models},
	volume = {2},
	issn = {1932-6157, 1941-7330},
	doi = {10.1214/08-AOAS191},
	number = {4},
	journal = {The Annals of Applied Statistics},
	author = {Gelman, Andrew and Jakulin, Aleks and Pittau, Maria Grazia and Su, Yu-Sung},
	year = {2008},
	note = {Publisher: Institute of Mathematical Statistics},
}